<?xml version="1.0" encoding="UTF-8"?>
<!DOCTYPE html PUBLIC "-//W3C//DTD XHTML 1.0 Transitional//EN"
    "http://www.w3.org/TR/xhtml1/DTD/xhtml1-transitional.dtd">
<html xmlns="http://www.w3.org/1999/xhtml" xml:lang="en" lang="en">
 <head>
  <title>
</title>
<meta http-equiv="Content-Type" content="text/html;charset=utf-8" />
  <meta name='ocr-system' content='tesseract 3.04.00' />
  <meta name='ocr-capabilities' content='ocr_page ocr_carea ocr_par ocr_line ocrx_word'/>
</head>
<body>
  <div class='ocr_page' id='page_1' title='image "./ddcenturiainsect00linn_0016.png"; bbox 0 0 2094 2869; ppageno 0'>
   <div class='ocr_carea' id='block_1_1' title="bbox 987 158 1385 226">
    <p class='ocr_par' dir='ltr' id='par_1_1' title="bbox 987 158 1385 226">
     <span class='ocr_line' id='line_1_1' title="bbox 987 158 1385 226; baseline 0.01 -6"><span class='ocrx_word' id='word_1_1' title='bbox 987 158 1385 226; x_wconf 55' lang='grc' dir='ltr'>*ΝΗ*</span> 
     </span>
    </p>
   </div>
   <div class='ocr_carea' id='block_1_2' title="bbox 388 276 1975 2559">
    <p class='ocr_par' dir='ltr' id='par_1_2' title="bbox 398 276 1966 413">
     <span class='ocr_line' id='line_1_2' title="bbox 402 276 1966 347; baseline -0.001 -14"><span class='ocrx_word' id='word_1_2' title='bbox 402 284 595 333; x_wconf 82' lang='lat' dir='ltr'>tionem</span> <span class='ocrx_word' id='word_1_3' title='bbox 614 280 852 347; x_wconf 80' lang='lat' dir='ltr'>piamque</span> <span class='ocrx_word' id='word_1_4' title='bbox 872 277 1260 330; x_wconf 84' lang='lat' dir='ltr'>admirationem</span> <span class='ocrx_word' id='word_1_5' title='bbox 1278 277 1478 330; x_wconf 86' lang='lat' dir='ltr'>Summi</span> <span class='ocrx_word' id='word_1_6' title='bbox 1496 276 1810 342; x_wconf 81' lang='lat' dir='ltr'>Conditoris,</span> <span class='ocrx_word' id='word_1_7' title='bbox 1830 292 1966 332; x_wconf 82' lang='lat' dir='ltr'>totos</span> 
     </span>
     <span class='ocr_line' id='line_1_3' title="bbox 398 346 1131 413; baseline -0.004 -16"><span class='ocrx_word' id='word_1_8' title='bbox 398 366 490 397; x_wconf 81' lang='lat' dir='ltr'>nos</span> <span class='ocrx_word' id='word_1_9' title='bbox 519 358 820 396; x_wconf 77' lang='lat' dir='ltr'>convertant</span> <span class='ocrx_word' id='word_1_10' title='bbox 845 346 896 395; x_wconf 72' lang='grc' dir='ltr'>δε</span> <span class='ocrx_word' id='word_1_11' title='bbox 928 346 1131 413; x_wconf 83' lang='lat' dir='ltr'>rapiant.</span> 
     </span>
    </p>

    <p class='ocr_par' dir='ltr' id='par_1_3' title="bbox 390 411 1975 1529">
     <span class='ocr_line' id='line_1_4' title="bbox 535 411 1969 481; baseline 0 -19"><span class='ocrx_word' id='word_1_12' title='bbox 535 411 740 471; x_wconf 79' lang='lat' dir='ltr'>Nostra,</span> <span class='ocrx_word' id='word_1_13' title='bbox 777 427 888 478; x_wconf 84' lang='lat' dir='ltr'>quae</span> <span class='ocrx_word' id='word_1_14' title='bbox 913 415 1016 470; x_wconf 84' lang='lat' dir='ltr'>jam</span> <span class='ocrx_word' id='word_1_15' title='bbox 1052 412 1238 480; x_wconf 80' lang='lat' dir='ltr'>agitur,</span> <span class='ocrx_word' id='word_1_16' title='bbox 1277 422 1411 472; x_wconf 86' lang='lat' dir='ltr'>aetas,</span> <span class='ocrx_word' id='word_1_17' title='bbox 1449 422 1645 462; x_wconf 89' lang='lat' dir='ltr'>tantum</span> <span class='ocrx_word' id='word_1_18' title='bbox 1680 413 1735 461; x_wconf 90' lang='lat' dir='ltr'>in</span> <span class='ocrx_word' id='word_1_19' title='bbox 1768 428 1969 481; x_wconf 34' lang='lat' dir='ltr'>cogno*-</span> 
     </span>
     <span class='ocr_line' id='line_1_5' title="bbox 402 474 1967 544; baseline 0.001 -17"><span class='ocrx_word' id='word_1_20' title='bbox 402 477 591 528; x_wconf 85' lang='lat' dir='ltr'>scendis</span> <span class='ocrx_word' id='word_1_21' title='bbox 626 477 818 527; x_wconf 72' lang='lat' dir='ltr'>inseffis</span> <span class='ocrx_word' id='word_1_22' title='bbox 840 474 1098 544; x_wconf 76' lang='lat' dir='ltr'>profecit,</span> <span class='ocrx_word' id='word_1_23' title='bbox 1137 489 1193 527; x_wconf 89' lang='lat' dir='ltr'>ut</span> <span class='ocrx_word' id='word_1_24' title='bbox 1226 489 1302 526; x_wconf 82' lang='lat' dir='ltr'>tot</span> <span class='ocrx_word' id='word_1_25' title='bbox 1337 477 1427 527; x_wconf 86' lang='lat' dir='ltr'>fibi</span> <span class='ocrx_word' id='word_1_26' title='bbox 1460 477 1638 527; x_wconf 87' lang='lat' dir='ltr'>habeat</span> <span class='ocrx_word' id='word_1_27' title='bbox 1664 478 1967 529; x_wconf 51' lang='lat' dir='ltr'>insectorum</span> 
     </span>
     <span class='ocr_line' id='line_1_6' title="bbox 400 543 1968 612; baseline 0 -19"><span class='ocrx_word' id='word_1_28' title='bbox 400 544 555 593; x_wconf 83' lang='lat' dir='ltr'>millia</span> <span class='ocrx_word' id='word_1_29' title='bbox 583 543 864 610; x_wconf 65' lang='lat' dir='ltr'>perspesta,</span> <span class='ocrx_word' id='word_1_30' title='bbox 901 555 1030 612; x_wconf 89' lang='lat' dir='ltr'>quot</span> <span class='ocrx_word' id='word_1_31' title='bbox 1069 543 1206 593; x_wconf 84' lang='lat' dir='ltr'>orbis</span> <span class='ocrx_word' id='word_1_32' title='bbox 1245 544 1484 593; x_wconf 84' lang='lat' dir='ltr'>litteratus</span> <span class='ocrx_word' id='word_1_33' title='bbox 1506 580 1520 604; x_wconf 93' lang='lat'><em>‚</em></span> <span class='ocrx_word' id='word_1_34' title='bbox 1557 557 1670 594; x_wconf 88' lang='lat' dir='ltr'>ante</span> <span class='ocrx_word' id='word_1_35' title='bbox 1696 543 1968 594; x_wconf 87' lang='lat' dir='ltr'>dimidium</span> 
     </span>
     <span class='ocr_line' id='line_1_7' title="bbox 399 608 1970 676; baseline -0.001 -17"><span class='ocrx_word' id='word_1_36' title='bbox 399 611 594 659; x_wconf 81' lang='lat' dir='ltr'>circiter</span> <span class='ocrx_word' id='word_1_37' title='bbox 622 608 870 670; x_wconf 81' lang='lat' dir='ltr'>seculum,</span> <span class='ocrx_word' id='word_1_38' title='bbox 919 609 1237 676; x_wconf 68' lang='lat' dir='ltr'>pernosceret</span> <span class='ocrx_word' id='word_1_39' title='bbox 1276 610 1535 659; x_wconf 86' lang='lat' dir='ltr'>centurias.</span> <span class='ocrx_word' id='word_1_40' title='bbox 1607 611 1730 659; x_wconf 67' lang='lat' dir='ltr'>Haec</span> <span class='ocrx_word' id='word_1_41' title='bbox 1762 610 1970 659; x_wconf 82' lang='lat' dir='ltr'>animal-</span> 
     </span>
     <span class='ocr_line' id='line_1_8' title="bbox 397 672 1968 744; baseline 0 -20"><span class='ocrx_word' id='word_1_42' title='bbox 397 675 504 724; x_wconf 83' lang='lat' dir='ltr'>cula</span> <span class='ocrx_word' id='word_1_43' title='bbox 530 672 657 724; x_wconf 91' lang='lat' dir='ltr'>adeo</span> <span class='ocrx_word' id='word_1_44' title='bbox 685 673 915 725; x_wconf 88' lang='lat' dir='ltr'>ordinate</span> <span class='ocrx_word' id='word_1_45' title='bbox 949 674 1059 724; x_wconf 89' lang='lat' dir='ltr'>sunt</span> <span class='ocrx_word' id='word_1_46' title='bbox 1085 673 1344 741; x_wconf 80' lang='lat' dir='ltr'>disposita,</span> <span class='ocrx_word' id='word_1_47' title='bbox 1381 677 1675 726; x_wconf 84' lang='lat' dir='ltr'>nominibus</span> <span class='ocrx_word' id='word_1_48' title='bbox 1707 676 1968 744; x_wconf 81' lang='lat' dir='ltr'>genericis‚</span> 
     </span>
     <span class='ocr_line' id='line_1_9' title="bbox 395 739 1975 809; baseline 0 -20"><span class='ocrx_word' id='word_1_49' title='bbox 395 740 754 792; x_wconf 58' lang='lat' dir='ltr'>cha-radieribus</span> <span class='ocrx_word' id='word_1_50' title='bbox 770 778 783 801; x_wconf 83' lang='lat'>,</span> <span class='ocrx_word' id='word_1_51' title='bbox 822 739 1117 791; x_wconf 85' lang='lat' dir='ltr'>differentiis</span> <span class='ocrx_word' id='word_1_52' title='bbox 1137 740 1395 807; x_wconf 86' lang='lat' dir='ltr'>specificis,</span> <span class='ocrx_word' id='word_1_53' title='bbox 1421 740 1712 808; x_wconf 82' lang='lat' dir='ltr'>synonymis</span> <span class='ocrx_word' id='word_1_54' title='bbox 1732 740 1975 809; x_wconf 76' lang='lat' dir='ltr'>denique,</span> 
     </span>
     <span class='ocr_line' id='line_1_10' title="bbox 393 805 1969 873; baseline 0.001 -18"><span class='ocrx_word' id='word_1_55' title='bbox 393 807 447 855; x_wconf 87' lang='lat' dir='ltr'>in</span> <span class='ocrx_word' id='word_1_56' title='bbox 473 806 751 873; x_wconf 83' lang='lat' dir='ltr'>systemate,</span> <span class='ocrx_word' id='word_1_57' title='bbox 767 810 969 856; x_wconf 78' lang='lat' dir='ltr'>Natura:</span> <span class='ocrx_word' id='word_1_58' title='bbox 991 807 1128 856; x_wconf 87' lang='lat' dir='ltr'>Nob.</span> <span class='ocrx_word' id='word_1_59' title='bbox 1159 808 1317 857; x_wconf 87' lang='lat' dir='ltr'>Dom.</span> <span class='ocrx_word' id='word_1_60' title='bbox 1348 806 1587 868; x_wconf 85' lang='lat' dir='ltr'>Praefidis,</span> <span class='ocrx_word' id='word_1_61' title='bbox 1622 805 1848 857; x_wconf 82' lang='lat' dir='ltr'>editione</span> <span class='ocrx_word' id='word_1_62' title='bbox 1881 807 1969 856; x_wconf 88' lang='lat' dir='ltr'>de-</span> 
     </span>
     <span class='ocr_line' id='line_1_11' title="bbox 398 871 1970 940; baseline 0 -19"><span class='ocrx_word' id='word_1_63' title='bbox 398 874 553 929; x_wconf 83' lang='lat' dir='ltr'>cima,</span> <span class='ocrx_word' id='word_1_64' title='bbox 594 873 723 922; x_wconf 88' lang='lat' dir='ltr'>adeo</span> <span class='ocrx_word' id='word_1_65' title='bbox 740 872 966 923; x_wconf 59' lang='lat' dir='ltr'>distincta</span> <span class='ocrx_word' id='word_1_66' title='bbox 993 886 1141 940; x_wconf 88' lang='lat' dir='ltr'>atque</span> <span class='ocrx_word' id='word_1_67' title='bbox 1164 886 1363 933; x_wconf 81' lang='lat' dir='ltr'>ornata,</span> <span class='ocrx_word' id='word_1_68' title='bbox 1397 885 1473 931; x_wconf 86' lang='lat' dir='ltr'>ut,</span> <span class='ocrx_word' id='word_1_69' title='bbox 1507 871 1640 922; x_wconf 83' lang='lat' dir='ltr'>haud</span> <span class='ocrx_word' id='word_1_70' title='bbox 1666 874 1830 923; x_wconf 78' lang='lat' dir='ltr'>multo</span> <span class='ocrx_word' id='word_1_71' title='bbox 1858 871 1970 939; x_wconf 83' lang='lat' dir='ltr'>post</span> 
     </span>
     <span class='ocr_line' id='line_1_12' title="bbox 394 936 1968 1005; baseline 0.001 -19"><span class='ocrx_word' id='word_1_72' title='bbox 394 938 573 1004; x_wconf 87' lang='lat' dir='ltr'>plantis</span> <span class='ocrx_word' id='word_1_73' title='bbox 618 938 727 1005; x_wconf 80' lang='lat' dir='ltr'>ipsis</span> <span class='ocrx_word' id='word_1_74' title='bbox 751 975 763 998; x_wconf 90' lang='lat'>‚</span> <span class='ocrx_word' id='word_1_75' title='bbox 820 938 944 988; x_wconf 81' lang='lat' dir='ltr'>nihil</span> <span class='ocrx_word' id='word_1_76' title='bbox 967 977 980 999; x_wconf 90' lang='lat'>,</span> <span class='ocrx_word' id='word_1_77' title='bbox 1027 955 1204 1005; x_wconf 86' lang='lat' dir='ltr'>parum</span> <span class='ocrx_word' id='word_1_78' title='bbox 1243 952 1375 988; x_wconf 86' lang='lat' dir='ltr'>certe</span> <span class='ocrx_word' id='word_1_79' title='bbox 1400 977 1413 998; x_wconf 94' lang='lat'>,</span> <span class='ocrx_word' id='word_1_80' title='bbox 1464 936 1677 998; x_wconf 89' lang='lat' dir='ltr'>cedant,</span> <span class='ocrx_word' id='word_1_81' title='bbox 1714 940 1763 988; x_wconf 83' lang='lat'>&amp;</span> <span class='ocrx_word' id='word_1_82' title='bbox 1795 938 1968 988; x_wconf 81' lang='lat' dir='ltr'>multi-</span> 
     </span>
     <span class='ocr_line' id='line_1_13' title="bbox 396 1002 1968 1072; baseline 0 -21"><span class='ocrx_word' id='word_1_83' title='bbox 396 1002 595 1062; x_wconf 83' lang='lat' dir='ltr'>tudine,</span> <span class='ocrx_word' id='word_1_84' title='bbox 634 1007 684 1053; x_wconf 88' lang='lat'><strong>&amp;</strong></span> <span class='ocrx_word' id='word_1_85' title='bbox 707 1003 913 1063; x_wconf 83' lang='lat' dir='ltr'>ordine,</span> <span class='ocrx_word' id='word_1_86' title='bbox 951 1020 1106 1072; x_wconf 86' lang='lat' dir='ltr'>quem</span> <span class='ocrx_word' id='word_1_87' title='bbox 1128 1006 1357 1054; x_wconf 84' lang='lat' dir='ltr'>Botanici</span> <span class='ocrx_word' id='word_1_88' title='bbox 1388 1004 1521 1053; x_wconf 86' lang='lat' dir='ltr'>haud</span> <span class='ocrx_word' id='word_1_89' title='bbox 1547 1005 1694 1070; x_wconf 88' lang='lat' dir='ltr'>pauci</span> <span class='ocrx_word' id='word_1_90' title='bbox 1717 1002 1803 1053; x_wconf 86' lang='lat' dir='ltr'>diu</span> <span class='ocrx_word' id='word_1_91' title='bbox 1833 1004 1968 1053; x_wconf 88' lang='lat' dir='ltr'>mul-</span> 
     </span>
     <span class='ocr_line' id='line_1_14' title="bbox 395 1067 1968 1136; baseline 0.001 -18"><span class='ocrx_word' id='word_1_92' title='bbox 395 1081 506 1118; x_wconf 79' lang='lat' dir='ltr'>tum</span> <span class='ocrx_word' id='word_1_93' title='bbox 525 1071 574 1118; x_wconf 71' lang='grc' dir='ltr'>δε</span> <span class='ocrx_word' id='word_1_94' title='bbox 607 1069 771 1118; x_wconf 87' lang='lat' dir='ltr'>multo</span> <span class='ocrx_word' id='word_1_95' title='bbox 789 1068 962 1118; x_wconf 90' lang='lat' dir='ltr'>labore</span> <span class='ocrx_word' id='word_1_96' title='bbox 987 1069 1335 1136; x_wconf 68' lang='lat' dir='ltr'>quaesiverunt.</span> <span class='ocrx_word' id='word_1_97' title='bbox 1409 1072 1545 1120; x_wconf 89' lang='lat' dir='ltr'>Ante</span> <span class='ocrx_word' id='word_1_98' title='bbox 1573 1067 1845 1119; x_wconf 87' lang='lat' dir='ltr'>dimidium</span> <span class='ocrx_word' id='word_1_99' title='bbox 1866 1107 1880 1129; x_wconf 88' lang='lat'>,</span> <span class='ocrx_word' id='word_1_100' title='bbox 1918 1070 1968 1119; x_wconf 70' lang='grc' dir='ltr'>ὅτι</span> 
     </span>
     <span class='ocr_line' id='line_1_15' title="bbox 395 1131 1967 1201; baseline -0.001 -17"><span class='ocrx_word' id='word_1_101' title='bbox 395 1131 538 1201; x_wconf 88' lang='lat' dir='ltr'>quod</span> <span class='ocrx_word' id='word_1_102' title='bbox 586 1135 824 1193; x_wconf 79' lang='lat' dir='ltr'>excurrit,</span> <span class='ocrx_word' id='word_1_103' title='bbox 861 1132 1012 1185; x_wconf 77' lang='lat' dir='ltr'>seculi</span> <span class='ocrx_word' id='word_1_104' title='bbox 1051 1135 1290 1201; x_wconf 72' lang='lat' dir='ltr'>spatium,</span> <span class='ocrx_word' id='word_1_105' title='bbox 1326 1137 1426 1186; x_wconf 86' lang='lat' dir='ltr'>Viri</span> <span class='ocrx_word' id='word_1_106' title='bbox 1469 1134 1671 1185; x_wconf 88' lang='lat' dir='ltr'>scientia</span> <span class='ocrx_word' id='word_1_107' title='bbox 1703 1136 1967 1194; x_wconf 87' lang='lat' dir='ltr'>Botanica,</span> 
     </span>
     <span class='ocr_line' id='line_1_16' title="bbox 393 1196 1968 1269; baseline -0.001 -20"><span class='ocrx_word' id='word_1_108' title='bbox 393 1201 617 1269; x_wconf 69' lang='lat' dir='ltr'>alioquin</span> <span class='ocrx_word' id='word_1_109' title='bbox 640 1196 915 1261; x_wconf 83' lang='lat' dir='ltr'>clarisfimi,</span> <span class='ocrx_word' id='word_1_110' title='bbox 950 1199 1078 1260; x_wconf 83' lang='lat' dir='ltr'>alt0,</span> <span class='ocrx_word' id='word_1_111' title='bbox 1113 1198 1255 1269; x_wconf 91' lang='lat' dir='ltr'>quod</span> <span class='ocrx_word' id='word_1_112' title='bbox 1282 1205 1442 1262; x_wconf 84' lang='lat' dir='ltr'>ajunt,</span> <span class='ocrx_word' id='word_1_113' title='bbox 1478 1198 1778 1268; x_wconf 81' lang='lat' dir='ltr'>superciliO,</span> <span class='ocrx_word' id='word_1_114' title='bbox 1816 1200 1968 1249; x_wconf 82' lang='lat' dir='ltr'>mini-</span> 
     </span>
     <span class='ocr_line' id='line_1_17' title="bbox 394 1266 1967 1333; baseline 0.001 -20"><span class='ocrx_word' id='word_1_115' title='bbox 394 1282 508 1314; x_wconf 85' lang='lat' dir='ltr'>mos</span> <span class='ocrx_word' id='word_1_116' title='bbox 532 1267 861 1332; x_wconf 76' lang='lat' dir='ltr'>despexerunt</span> <span class='ocrx_word' id='word_1_117' title='bbox 880 1266 1106 1327; x_wconf 68' lang='lat' dir='ltr'>muscos,</span> <span class='ocrx_word' id='word_1_118' title='bbox 1144 1268 1234 1333; x_wconf 89' lang='lat' dir='ltr'>qui</span> <span class='ocrx_word' id='word_1_119' title='bbox 1261 1278 1401 1317; x_wconf 81' lang='lat' dir='ltr'>tanto</span> <span class='ocrx_word' id='word_1_120' title='bbox 1428 1266 1623 1317; x_wconf 87' lang='lat' dir='ltr'>dudum</span> <span class='ocrx_word' id='word_1_121' title='bbox 1646 1267 1809 1333; x_wconf 89' lang='lat' dir='ltr'>pretio</span> <span class='ocrx_word' id='word_1_122' title='bbox 1831 1266 1967 1316; x_wconf 83' lang='lat' dir='ltr'>inva-</span> 
     </span>
     <span class='ocr_line' id='line_1_18' title="bbox 393 1330 1969 1397; baseline 0.001 -18"><span class='ocrx_word' id='word_1_123' title='bbox 393 1330 614 1389; x_wconf 81' lang='lat' dir='ltr'>luerunt,</span> <span class='ocrx_word' id='word_1_124' title='bbox 651 1334 699 1381; x_wconf 71' lang='grc' dir='ltr'>δε</span> <span class='ocrx_word' id='word_1_125' title='bbox 722 1330 1078 1392; x_wconf 63' lang='lat' dir='ltr'>aestimatione,</span> <span class='ocrx_word' id='word_1_126' title='bbox 1111 1345 1166 1382; x_wconf 89' lang='lat' dir='ltr'>ut</span> <span class='ocrx_word' id='word_1_127' title='bbox 1199 1332 1555 1383; x_wconf 85' lang='lat' dir='ltr'>celeberrimus</span> <span class='ocrx_word' id='word_1_128' title='bbox 1585 1334 1799 1397; x_wconf 88' lang='lat' dir='ltr'>quisque</span> <span class='ocrx_word' id='word_1_129' title='bbox 1817 1332 1969 1381; x_wconf 85' lang='lat' dir='ltr'>Bota-</span> 
     </span>
     <span class='ocr_line' id='line_1_19' title="bbox 390 1393 1968 1463; baseline 0.001 -19"><span class='ocrx_word' id='word_1_130' title='bbox 390 1399 554 1458; x_wconf 86' lang='lat' dir='ltr'>nicus,</span> <span class='ocrx_word' id='word_1_131' title='bbox 592 1414 793 1448; x_wconf 84' lang='lat' dir='ltr'>novum</span> <span class='ocrx_word' id='word_1_132' title='bbox 821 1395 1057 1463; x_wconf 83' lang='lat' dir='ltr'>detegere</span> <span class='ocrx_word' id='word_1_133' title='bbox 1076 1396 1321 1463; x_wconf 79' lang='lat' dir='ltr'>potuisse,</span> <span class='ocrx_word' id='word_1_134' title='bbox 1361 1395 1539 1463; x_wconf 82' lang='lat' dir='ltr'>infigni</span> <span class='ocrx_word' id='word_1_135' title='bbox 1557 1393 1647 1445; x_wconf 81' lang='lat' dir='ltr'>fibi</span> <span class='ocrx_word' id='word_1_136' title='bbox 1668 1395 1855 1445; x_wconf 91' lang='lat' dir='ltr'>honori</span> <span class='ocrx_word' id='word_1_137' title='bbox 1874 1393 1968 1445; x_wconf 85' lang='lat' dir='ltr'>du-</span> 
     </span>
     <span class='ocr_line' id='line_1_20' title="bbox 393 1458 1968 1529; baseline 0.001 -20"><span class='ocrx_word' id='word_1_138' title='bbox 393 1475 483 1510; x_wconf 91' lang='lat' dir='ltr'>cat.</span> <span class='ocrx_word' id='word_1_139' title='bbox 538 1465 727 1529; x_wconf 80' lang='lat' dir='ltr'>Greges</span> <span class='ocrx_word' id='word_1_140' title='bbox 749 1462 1056 1511; x_wconf 68' lang='lat' dir='ltr'>infestorum</span> <span class='ocrx_word' id='word_1_141' title='bbox 1075 1460 1329 1512; x_wconf 87' lang='lat' dir='ltr'>Veteribus</span> <span class='ocrx_word' id='word_1_142' title='bbox 1356 1473 1496 1510; x_wconf 91' lang='lat' dir='ltr'>tanto</span> <span class='ocrx_word' id='word_1_143' title='bbox 1523 1458 1726 1511; x_wconf 86' lang='lat' dir='ltr'>fuerunt</span> <span class='ocrx_word' id='word_1_144' title='bbox 1751 1460 1968 1522; x_wconf 86' lang='lat' dir='ltr'>fastidio,</span> 
     </span>
    </p>

    <p class='ocr_par' dir='ltr' id='par_1_4' title="bbox 434 1526 1967 1595">
     <span class='ocr_line' id='line_1_21' title="bbox 434 1526 1967 1595; baseline 0 -19"><span class='ocrx_word' id='word_1_145' title='bbox 434 1540 590 1576; x_wconf 85' lang='lat' dir='ltr'>uantae</span> <span class='ocrx_word' id='word_1_146' title='bbox 614 1527 924 1577; x_wconf 70' lang='lat' dir='ltr'>aemulationi</span> <span class='ocrx_word' id='word_1_147' title='bbox 951 1527 1340 1586; x_wconf 88' lang='lat' dir='ltr'>recentioribus,</span> <span class='ocrx_word' id='word_1_148' title='bbox 1360 1543 1498 1577; x_wconf 84' lang='lat' dir='ltr'>nova</span> <span class='ocrx_word' id='word_1_149' title='bbox 1551 1528 1704 1578; x_wconf 75' lang='lat' dir='ltr'>uaevis</span> <span class='ocrx_word' id='word_1_150' title='bbox 1725 1526 1967 1595; x_wconf 82' lang='lat' dir='ltr'>indagan-</span> 
     </span>
    </p>

    <p class='ocr_par' dir='ltr' id='par_1_5' title="bbox 388 1590 1967 2182">
     <span class='ocr_line' id='line_1_22' title="bbox 429 1590 1967 1660; baseline -0.001 -17"><span class='ocrx_word' id='word_1_151' title='bbox 429 1591 662 1643; x_wconf 63' lang='lat' dir='ltr'>iinsesta.</span> <span class='ocrx_word' id='word_1_152' title='bbox 734 1591 929 1642; x_wconf 87' lang='lat' dir='ltr'>Nostris</span> <span class='ocrx_word' id='word_1_153' title='bbox 970 1593 1314 1659; x_wconf 86' lang='lat' dir='ltr'>temporibus,</span> <span class='ocrx_word' id='word_1_154' title='bbox 1354 1590 1530 1660; x_wconf 86' lang='lat' dir='ltr'>quodli</span> <span class='ocrx_word' id='word_1_155' title='bbox 1571 1605 1620 1643; x_wconf 91' lang='lat' dir='ltr'>et</span> <span class='ocrx_word' id='word_1_156' title='bbox 1647 1595 1860 1659; x_wconf 82' lang='lat' dir='ltr'>Europae</span> <span class='ocrx_word' id='word_1_157' title='bbox 1890 1609 1967 1642; x_wconf 89' lang='lat' dir='ltr'>re-</span> 
     </span>
     <span class='ocr_line' id='line_1_23' title="bbox 390 1656 1966 1726; baseline 0.001 -20"><span class='ocrx_word' id='word_1_158' title='bbox 390 1675 574 1726; x_wconf 80' lang='lat' dir='ltr'>gnum,</span> <span class='ocrx_word' id='word_1_159' title='bbox 607 1658 801 1718; x_wconf 73' lang='lat' dir='ltr'>multiS,</span> <span class='ocrx_word' id='word_1_160' title='bbox 843 1659 1119 1725; x_wconf 80' lang='lat' dir='ltr'>magnique</span> <span class='ocrx_word' id='word_1_161' title='bbox 1152 1658 1374 1707; x_wconf 88' lang='lat' dir='ltr'>nominis</span> <span class='ocrx_word' id='word_1_162' title='bbox 1398 1656 1608 1724; x_wconf 81' lang='lat' dir='ltr'>Physicis</span> <span class='ocrx_word' id='word_1_163' title='bbox 1634 1658 1877 1726; x_wconf 83' lang='lat' dir='ltr'>gloriatur</span> <span class='ocrx_word' id='word_1_164' title='bbox 1917 1661 1966 1708; x_wconf 67' lang='grc' dir='ltr'>ὃς</span> 
     </span>
     <span class='ocr_line' id='line_1_24' title="bbox 391 1722 1966 1791; baseline -0.001 -18"><span class='ocrx_word' id='word_1_165' title='bbox 391 1724 633 1787; x_wconf 78' lang='lat' dir='ltr'>superbit,</span> <span class='ocrx_word' id='word_1_166' title='bbox 670 1726 758 1791; x_wconf 87' lang='lat' dir='ltr'>qui</span> <span class='ocrx_word' id='word_1_167' title='bbox 776 1739 988 1773; x_wconf 85' lang='lat' dir='ltr'>omnem</span> <span class='ocrx_word' id='word_1_168' title='bbox 1018 1740 1252 1788; x_wconf 78' lang='lat' dir='ltr'>operam,</span> <span class='ocrx_word' id='word_1_169' title='bbox 1269 1722 1492 1773; x_wconf 86' lang='lat' dir='ltr'>studium</span> <span class='ocrx_word' id='word_1_170' title='bbox 1515 1741 1695 1783; x_wconf 85' lang='lat' dir='ltr'>omne,</span> <span class='ocrx_word' id='word_1_171' title='bbox 1714 1725 1864 1774; x_wconf 81' lang='lat' dir='ltr'>novis</span> <span class='ocrx_word' id='word_1_172' title='bbox 1883 1741 1966 1772; x_wconf 88' lang='lat' dir='ltr'>co·</span> 
     </span>
     <span class='ocr_line' id='line_1_25' title="bbox 389 1787 1967 1858; baseline 0 -20"><span class='ocrx_word' id='word_1_173' title='bbox 389 1791 482 1858; x_wconf 86' lang='lat' dir='ltr'>piis</span> <span class='ocrx_word' id='word_1_174' title='bbox 507 1789 801 1848; x_wconf 82' lang='lat' dir='ltr'>scribendis,</span> <span class='ocrx_word' id='word_1_175' title='bbox 838 1792 887 1838; x_wconf 87' lang='lat'>&amp;</span> <span class='ocrx_word' id='word_1_176' title='bbox 917 1787 1223 1841; x_wconf 61' lang='lat' dir='ltr'>infestorum</span> <span class='ocrx_word' id='word_1_177' title='bbox 1260 1789 1500 1839; x_wconf 83' lang='lat' dir='ltr'>exercitui</span> <span class='ocrx_word' id='word_1_178' title='bbox 1548 1788 1813 1855; x_wconf 79' lang='lat' dir='ltr'>jungendis</span> <span class='ocrx_word' id='word_1_179' title='bbox 1835 1827 1848 1849; x_wconf 88' lang='lat'>,</span> <span class='ocrx_word' id='word_1_180' title='bbox 1886 1806 1967 1838; x_wconf 89' lang='lat' dir='ltr'>na-</span> 
     </span>
     <span class='ocr_line' id='line_1_26' title="bbox 388 1855 1967 1920; baseline -0.001 -15"><span class='ocrx_word' id='word_1_181' title='bbox 388 1869 528 1906; x_wconf 84' lang='lat' dir='ltr'>vant.</span> <span class='ocrx_word' id='word_1_182' title='bbox 602 1856 775 1920; x_wconf 77' lang='lat' dir='ltr'>Scopoli</span> <span class='ocrx_word' id='word_1_183' title='bbox 808 1856 964 1904; x_wconf 74' lang='lat' dir='ltr'>Fauna</span> <span class='ocrx_word' id='word_1_184' title='bbox 999 1856 1283 1916; x_wconf 70' lang='lat' dir='ltr'>Carniolica,</span> <span class='ocrx_word' id='word_1_185' title='bbox 1322 1871 1420 1904; x_wconf 85' lang='lat' dir='ltr'>una</span> <span class='ocrx_word' id='word_1_186' title='bbox 1454 1870 1572 1904; x_wconf 89' lang='lat' dir='ltr'>cum</span> <span class='ocrx_word' id='word_1_187' title='bbox 1609 1856 1789 1904; x_wconf 74' lang='lat' dir='ltr'>Goilam&#39;</span> <span class='ocrx_word' id='word_1_188' title='bbox 1841 1855 1967 1904; x_wconf 83' lang='lat' dir='ltr'>Fau-</span> 
     </span>
     <span class='ocr_line' id='line_1_27' title="bbox 388 1918 1965 1989; baseline -0.001 -19"><span class='ocrx_word' id='word_1_189' title='bbox 388 1938 448 1970; x_wconf 86' lang='lat' dir='ltr'>na</span> <span class='ocrx_word' id='word_1_190' title='bbox 482 1921 820 1986; x_wconf 76' lang='lat' dir='ltr'>Monspeliensi,</span> <span class='ocrx_word' id='word_1_191' title='bbox 861 1937 1077 1989; x_wconf 85' lang='lat' dir='ltr'>quarum</span> <span class='ocrx_word' id='word_1_192' title='bbox 1103 1935 1313 1988; x_wconf 82' lang='lat' dir='ltr'>utraque</span> <span class='ocrx_word' id='word_1_193' title='bbox 1351 1918 1572 1988; x_wconf 86' lang='lat' dir='ltr'>quodvis</span> <span class='ocrx_word' id='word_1_194' title='bbox 1594 1923 1723 1971; x_wconf 85' lang='lat' dir='ltr'>novi</span> <span class='ocrx_word' id='word_1_195' title='bbox 1760 1921 1965 1970; x_wconf 87' lang='lat' dir='ltr'>&amp;inau-</span> 
     </span>
     <span class='ocr_line' id='line_1_28' title="bbox 389 1984 1960 2054; baseline -0.001 -20"><span class='ocrx_word' id='word_1_196' title='bbox 389 1984 483 2035; x_wconf 89' lang='lat' dir='ltr'>diti</span> <span class='ocrx_word' id='word_1_197' title='bbox 519 1987 666 2035; x_wconf 89' lang='lat' dir='ltr'>nobis</span> <span class='ocrx_word' id='word_1_198' title='bbox 703 1988 974 2054; x_wconf 84' lang='lat' dir='ltr'>promittit,</span> <span class='ocrx_word' id='word_1_199' title='bbox 1014 1990 1357 2037; x_wconf 86' lang='lat' dir='ltr'>communiter</span> <span class='ocrx_word' id='word_1_200' title='bbox 1392 1989 1440 2035; x_wconf 84' lang='lat'>&amp;</span> <span class='ocrx_word' id='word_1_201' title='bbox 1473 1986 1621 2037; x_wconf 86' lang='lat' dir='ltr'>avide</span> <span class='ocrx_word' id='word_1_202' title='bbox 1643 1985 1960 2051; x_wconf 66' lang='lat' dir='ltr'>exspestatur.</span> 
     </span>
     <span class='ocr_line' id='line_1_29' title="bbox 390 2050 1964 2120; baseline 0.001 -21"><span class='ocrx_word' id='word_1_203' title='bbox 390 2052 517 2101; x_wconf 61' lang='lat' dir='ltr'>Aeta</span> <span class='ocrx_word' id='word_1_204' title='bbox 548 2052 894 2112; x_wconf 82' lang='lat' dir='ltr'>Eruditorum,</span> <span class='ocrx_word' id='word_1_205' title='bbox 931 2053 1077 2102; x_wconf 86' lang='lat' dir='ltr'>rebus</span> <span class='ocrx_word' id='word_1_206' title='bbox 1102 2054 1155 2103; x_wconf 89' lang='lat' dir='ltr'>in</span> <span class='ocrx_word' id='word_1_207' title='bbox 1182 2053 1273 2103; x_wconf 87' lang='lat' dir='ltr'>hac</span> <span class='ocrx_word' id='word_1_208' title='bbox 1293 2050 1573 2119; x_wconf 80' lang='lat' dir='ltr'>disciplina,</span> <span class='ocrx_word' id='word_1_209' title='bbox 1607 2069 1769 2120; x_wconf 80' lang='lat' dir='ltr'>nuper</span> <span class='ocrx_word' id='word_1_210' title='bbox 1791 2053 1964 2101; x_wconf 84' lang='lat' dir='ltr'>inuen-</span> 
     </span>
     <span class='ocr_line' id='line_1_30' title="bbox 389 2113 894 2182; baseline 0.008 -19"><span class='ocrx_word' id='word_1_211' title='bbox 389 2117 467 2177; x_wconf 87' lang='lat' dir='ltr'>tis,</span> <span class='ocrx_word' id='word_1_212' title='bbox 510 2113 683 2182; x_wconf 84' lang='lat' dir='ltr'>paffim</span> <span class='ocrx_word' id='word_1_213' title='bbox 720 2119 894 2168; x_wconf 88' lang='lat' dir='ltr'>nitent.</span> 
     </span>
    </p>

    <p class='ocr_par' dir='ltr' id='par_1_6' title="bbox 390 2180 1964 2518">
     <span class='ocr_line' id='line_1_31' title="bbox 528 2180 1964 2244; baseline 0.001 -16"><span class='ocrx_word' id='word_1_214' title='bbox 528 2182 610 2229; x_wconf 88' lang='lat' dir='ltr'>Ad</span> <span class='ocrx_word' id='word_1_215' title='bbox 638 2183 764 2232; x_wconf 86' lang='lat' dir='ltr'>hanc</span> <span class='ocrx_word' id='word_1_216' title='bbox 787 2183 1131 2244; x_wconf 83' lang='lat' dir='ltr'>Academiam,</span> <span class='ocrx_word' id='word_1_217' title='bbox 1151 2186 1201 2233; x_wconf 92' lang='lat' dir='ltr'>in</span> <span class='ocrx_word' id='word_1_218' title='bbox 1220 2185 1495 2233; x_wconf 85' lang='lat' dir='ltr'>litterarum</span> <span class='ocrx_word' id='word_1_219' title='bbox 1521 2183 1688 2232; x_wconf 83' lang='lat' dir='ltr'>studiis</span> <span class='ocrx_word' id='word_1_220' title='bbox 1711 2180 1835 2231; x_wconf 84' lang='lat' dir='ltr'>dum</span> <span class='ocrx_word' id='word_1_221' title='bbox 1852 2198 1964 2231; x_wconf 66' lang='lat' dir='ltr'>ver⁴</span> 
     </span>
     <span class='ocr_line' id='line_1_32' title="bbox 393 2243 1962 2312; baseline 0.002 -18"><span class='ocrx_word' id='word_1_222' title='bbox 393 2243 505 2305; x_wconf 85' lang='lat' dir='ltr'>sor,</span> <span class='ocrx_word' id='word_1_223' title='bbox 544 2243 685 2304; x_wconf 85' lang='lat' dir='ltr'>duas,</span> <span class='ocrx_word' id='word_1_224' title='bbox 727 2265 824 2312; x_wconf 84' lang='lat' dir='ltr'>prae</span> <span class='ocrx_word' id='word_1_225' title='bbox 854 2250 1026 2297; x_wconf 88' lang='lat' dir='ltr'>ceteris</span> <span class='ocrx_word' id='word_1_226' title='bbox 1055 2248 1389 2309; x_wconf 83' lang='lat' dir='ltr'>addiscendis,</span> <span class='ocrx_word' id='word_1_227' title='bbox 1423 2265 1537 2298; x_wconf 86' lang='lat' dir='ltr'>cura</span> <span class='ocrx_word' id='word_1_228' title='bbox 1566 2250 1615 2297; x_wconf 85' lang='lat'>&amp;</span> <span class='ocrx_word' id='word_1_229' title='bbox 1648 2249 1924 2297; x_wconf 79' lang='lat' dir='ltr'>attentione</span> <span class='ocrx_word' id='word_1_230' title='bbox 1947 2287 1962 2308; x_wconf 84' lang='lat'>‚</span> 
     </span>
     <span class='ocr_line' id='line_1_33' title="bbox 398 2308 1962 2382; baseline 0.002 -23"><span class='ocrx_word' id='word_1_231' title='bbox 398 2327 498 2377; x_wconf 86' lang='lat' dir='ltr'>qua</span> <span class='ocrx_word' id='word_1_232' title='bbox 528 2308 743 2377; x_wconf 73' lang='lat' dir='ltr'>possim,</span> <span class='ocrx_word' id='word_1_233' title='bbox 786 2312 1063 2376; x_wconf 73' lang='lat' dir='ltr'>disciplinas</span> <span class='ocrx_word' id='word_1_234' title='bbox 1099 2317 1318 2382; x_wconf 84' lang='lat' dir='ltr'>proponi</span> <span class='ocrx_word' id='word_1_235' title='bbox 1358 2314 1573 2364; x_wconf 80' lang='lat' dir='ltr'>exaudio</span> <span class='ocrx_word' id='word_1_236' title='bbox 1597 2351 1616 2379; x_wconf 89' lang='lat'>,</span> <span class='ocrx_word' id='word_1_237' title='bbox 1654 2314 1962 2363; x_wconf 84' lang='lat' dir='ltr'>medicinam</span> 
     </span>
     <span class='ocr_line' id='line_1_34' title="bbox 391 2376 1963 2445; baseline 0.003 -21"><span class='ocrx_word' id='word_1_238' title='bbox 391 2376 601 2436; x_wconf 67' lang='lat' dir='ltr'>scilicet,</span> <span class='ocrx_word' id='word_1_239' title='bbox 639 2378 681 2425; x_wconf 71' lang='grc' dir='ltr'>δ(</span> <span class='ocrx_word' id='word_1_240' title='bbox 711 2377 986 2426; x_wconf 82' lang='lat' dir='ltr'>Historiam</span> <span class='ocrx_word' id='word_1_241' title='bbox 1017 2381 1326 2431; x_wconf 86' lang='lat' dir='ltr'>Naturalem.</span> <span class='ocrx_word' id='word_1_242' title='bbox 1403 2381 1566 2439; x_wconf 77' lang='lat' dir='ltr'>Hujus</span> <span class='ocrx_word' id='word_1_243' title='bbox 1601 2379 1861 2445; x_wconf 85' lang='lat' dir='ltr'>particula,</span> <span class='ocrx_word' id='word_1_244' title='bbox 1899 2377 1963 2428; x_wconf 89' lang='lat' dir='ltr'>de</span> 
     </span>
     <span class='ocr_line' id='line_1_35' title="bbox 390 2440 1961 2518; baseline 0 -26"><span class='ocrx_word' id='word_1_245' title='bbox 390 2440 608 2503; x_wconf 61' lang='lat' dir='ltr'>Infestis,</span> <span class='ocrx_word' id='word_1_246' title='bbox 644 2442 736 2492; x_wconf 77' lang='lat' dir='ltr'>iilis</span> <span class='ocrx_word' id='word_1_247' title='bbox 752 2446 910 2502; x_wconf 77' lang='lat' dir='ltr'>juxta,</span> <span class='ocrx_word' id='word_1_248' title='bbox 949 2460 1059 2509; x_wconf 83' lang='lat' dir='ltr'>quae</span> <span class='ocrx_word' id='word_1_249' title='bbox 1078 2446 1311 2498; x_wconf 86' lang='lat' dir='ltr'>nondum</span> <span class='ocrx_word' id='word_1_250' title='bbox 1337 2443 1477 2497; x_wconf 86' lang='lat' dir='ltr'>fuere</span> <span class='ocrx_word' id='word_1_251' title='bbox 1502 2446 1783 2514; x_wconf 80' lang='lat' dir='ltr'>divulgata,</span> <span class='ocrx_word' id='word_1_252' title='bbox 1820 2461 1961 2518; x_wconf 75' lang='lat' dir='ltr'>accu-</span> 
     </span>
    </p>

    <p class='ocr_par' dir='ltr' id='par_1_7' title="bbox 1808 2522 1959 2559">
     <span class='ocr_line' id='line_1_36' title="bbox 1808 2522 1959 2559; baseline -0.007 -1"><span class='ocrx_word' id='word_1_253' title='bbox 1808 2522 1959 2559; x_wconf 81' lang='lat' dir='ltr'>ratius</span> 
     </span>
    </p>
   </div>
  </div>
 </body>
</html>
